<record><leader>00000cas a22000007a 4500</leader><controlfield tag="001">12301446</controlfield><controlfield tag="008">850724d17951796paudn ne      0    0fre d</controlfield><datafield ind1=" " ind2=" " tag="010"><subfield code="a">sn 85055139 </subfield></datafield><datafield ind1=" " ind2=" " tag="040"><subfield code="a">NPH</subfield><subfield code="b">eng</subfield><subfield code="c">NPH</subfield><subfield code="d">MGN</subfield><subfield code="d">OCLCQ</subfield></datafield><datafield ind1=" " ind2=" " tag="042"><subfield code="a">msc</subfield></datafield><datafield ind1="0" ind2="0" tag="245"><subfield code="a">Courrier de la France et des colonies.</subfield></datafield><datafield ind1=" " ind2=" " tag="260"><subfield code="a">Philadelphie&#768; [i.e. Philadelphia, Pa. :</subfield><subfield code="b">Louis F.R.A. Gatereau],</subfield><subfield code="c">1795-1796.</subfield></datafield><datafield ind1=" " ind2=" " tag="300"><subfield code="a">no.</subfield></datafield><datafield ind1=" " ind2=" " tag="310"><subfield code="a">Daily (except Sun.)</subfield></datafield><datafield ind1="0" ind2=" " tag="362"><subfield code="a">No. 1 (Oct. 15, 1795)-no. 63 (Mar. 14, 1796).</subfield></datafield><datafield ind1=" " ind2=" " tag="500"><subfield code="a">Printer: Moreau de St. Me&#769;ry.</subfield></datafield><datafield ind1=" " ind2=" " tag="525"><subfield code="a">Dec. 29, 1795 issue has supplement.</subfield></datafield><datafield ind1=" " ind2=" " tag="752"><subfield code="a">United States</subfield><subfield code="b">Pennsylvania</subfield><subfield code="c">Philadelphia</subfield><subfield code="d">Philadelphia.</subfield></datafield></record>